<?xml version="1.0" encoding="UTF-8"?><collection><record><leader>03958ntm a2200493 a 4500</leader><controlfield tag="001">006822733</controlfield><controlfield tag="003">MiAaHDL</controlfield><controlfield tag="005">20190719000000.0</controlfield><controlfield tag="006">m        d        </controlfield><controlfield tag="007">cr bn ---auaua</controlfield><controlfield tag="008">090624q16801730xx            00| ||ota d</controlfield><datafield tag="035" ind1=" " ind2=" "><subfield code="a">(MiU)006822733</subfield></datafield><datafield tag="035" ind1=" " ind2=" "><subfield code="a">sdr-miu006822733</subfield></datafield><datafield tag="040" ind1=" " ind2=" "><subfield code="a">MiU</subfield><subfield code="c">MiU</subfield><subfield code="e">amremm</subfield></datafield><datafield tag="041" ind1="0" ind2=" "><subfield code="a">ota</subfield></datafield><datafield tag="043" ind1=" " ind2=" "><subfield code="a">n-us-mi</subfield></datafield><datafield tag="245" ind1="0" ind2="0"><subfield code="6">880-03</subfield><subfield code="a">[Mecmua-yi eşar,</subfield><subfield code="f">late 17th or early 18th century?].</subfield></datafield><datafield tag="246" ind1="3" ind2=" "><subfield code="a">جنگ اشعار</subfield></datafield><datafield tag="260" ind1=" " ind2=" "><subfield code="c">[1680-1730?].</subfield></datafield><datafield tag="300" ind1=" " ind2=" "><subfield code="a">123 leaves :</subfield><subfield code="b">paper ;</subfield><subfield code="c">70 x 173 (42 x 131) mm.</subfield></datafield><datafield tag="500" ind1=" " ind2=" "><subfield code="a">Shelfmark: Ann Arbor, University of Michigan, Special Collections Library, Isl. Ms. 416</subfield></datafield><datafield tag="500" ind1=" " ind2=" "><subfield code="a">Origin: Lacks dated colophon ; perhaps late 17th or early 18th century.</subfield></datafield><datafield tag="500" ind1=" " ind2=" "><subfield code="a">Former shelfmark: "587" inscribed in pencil on flyleaf.</subfield></datafield><datafield tag="500" ind1=" " ind2=" "><subfield code="a">Binding: Pasteboards covered in purple leather ; Type III binding (without flap) in oblong or safīnah format which was perhaps originally intended to be opened vertically ; doublures / board linings in a coated paper printed with blotched design evoking marbling in dark blue and turquoise ; upper and lower covers carry tooled and gold-painted border (interlocking design flanked by fillets) and corner accents ; sewn in pink thread, two stations ; worked chevron endbands in pink and cream [?], good condition ; overall in fair condition with minor abrasion, lifting and losses of leather, fully detached from text block, etc.</subfield></datafield><datafield tag="500" ind1=" " ind2=" "><subfield code="a">Support: non-European (likely Persian) laid paper with 8 laid lines per cm. (somewhat distinct) and no chain lines visible, fairly thin and transluscent though quite sturdy, mainly tinted various shades of pink, light yellow, etc. ; in what appears to be an added section, margins gold or silver-flecked and written area a contrasting shade (blue, light orange, etc.) ; endleaf and some hinges in marbled paper.</subfield></datafield><datafield tag="500" ind1=" " ind2=" "><subfield code="a">Decoration: Written area and divisions within defined by a gold frame consisting of gold bands (heavy and thin) defined by black fillets.</subfield></datafield><datafield tag="500" ind1=" " ind2=" "><subfield code="a">Script: Nastaʻlīq (talik) ; elegant hand in a medium line ; serifless with slight effect of words descending to baseline, elongation of horizontal strokes, pointing mainly in distinct dots, point of final nūn set deep into bowl ; portions of added section in a different hand.</subfield></datafield><datafield tag="500" ind1=" " ind2=" "><subfield code="a">Layout: Written in roughly 20 hemistiches per page, typically arranged in 8 lines on the diagonal and 2 horizontal in the central area (or 6, 8 or 10 all on the diagonal), with 10 lines around the perimeter.</subfield></datafield><datafield tag="500" ind1=" " ind2=" "><subfield code="a">Collation: ii, IV (8), IV+2 (18), VII (32), 2 III(44), III+3 (53), V (63), V+2 (75), 4 V(115), IV (123) ; final leaf serves as flyleaf.</subfield></datafield><datafield tag="500" ind1=" " ind2=" "><subfield code="a">Explicit: "مراد عرض عبوديت ايسه زكيا ركاب ياره يو زاور شعرك ارمغان ايدرك"</subfield></datafield><datafield tag="500" ind1=" " ind2=" "><subfield code="a">Incipit: "كورميوب ايلك يوزين اولسون فلكده سرسرى [؟] ..."</subfield></datafield><datafield tag="500" ind1=" " ind2=" "><subfield code="a">Title supplied by cataloguer.</subfield></datafield><datafield tag="500" ind1=" " ind2=" "><subfield code="a">Ms. codex.</subfield></datafield><datafield tag="520" ind1="8" ind2=" "><subfield code="a">Elegant copy of an anthology of Turkish poetry, mainly of Baki Efendi (d.1600), Sami (d.1733), etc. Contributions to the cataloguing from Hossein Mottaghi.</subfield></datafield><datafield tag="538" ind1=" " ind2=" "><subfield code="a">Mode of access: Internet.</subfield></datafield><datafield tag="541" ind1=" " ind2=" "><subfield code="c">Purchase ;</subfield><subfield code="a">Acquired by purchase (funds donated by Horace Rackham).</subfield><subfield code="d">1924.</subfield></datafield><datafield tag="546" ind1=" " ind2=" "><subfield code="a">Ottoman Turkish.</subfield></datafield><datafield tag="561" ind1=" " ind2=" "><subfield code="a">Effaced oval seal impression on flyleaf ; otherwise clean copy.</subfield></datafield><datafield tag="650" ind1=" " ind2="0"><subfield code="a">Manuscripts, Turkish</subfield><subfield code="z">Michigan</subfield><subfield code="z">Ann Arbor.</subfield></datafield><datafield tag="650" ind1=" " ind2="0"><subfield code="a">Turkish poetry</subfield><subfield code="v">18th century.</subfield></datafield><datafield tag="650" ind1=" " ind2="0"><subfield code="a">Turkish poetry</subfield><subfield code="v">17th century.</subfield></datafield><datafield tag="700" ind1="0" ind2=" "><subfield code="a">Abdülhamid</subfield><subfield code="b">II,</subfield><subfield code="c">Sultan of the Turks,</subfield><subfield code="d">1842-1918,</subfield><subfield code="e">former owner.</subfield></datafield><datafield tag="773" ind1="0" ind2=" "><subfield code="a">Abdul Hamid Collection.</subfield></datafield><datafield tag="880" ind1="0" ind2="0"><subfield code="6">245-03/</subfield><subfield code="a">[مجموعه اشعار,</subfield><subfield code="f">اواخر القرن 17 او اوائل القرن 18م؟].</subfield></datafield><datafield tag="CID" ind1=" " ind2=" "><subfield code="a">006822733</subfield></datafield><datafield tag="DAT" ind1="0" ind2=" "><subfield code="a">20190719102640.0</subfield><subfield code="b">20190719000000.0</subfield></datafield><datafield tag="DAT" ind1="1" ind2=" "><subfield code="a">20190719090653.0</subfield><subfield code="b">2019-07-19T16:12:04Z</subfield></datafield><datafield tag="DAT" ind1="2" ind2=" "><subfield code="a">2015-10-02T18:00:03Z</subfield></datafield><datafield tag="CAT" ind1=" " ind2=" "><subfield code="a">SDR-MIU</subfield><subfield code="d">EX LIBRIS - ALEPH</subfield><subfield code="l">prepare.pl-004-008</subfield></datafield><datafield tag="FMT" ind1=" " ind2=" "><subfield code="a">BK</subfield></datafield><datafield tag="HOL" ind1=" " ind2=" "><subfield code="0">sdr-miu006822733</subfield><subfield code="a">MiU</subfield><subfield code="b">SDR</subfield><subfield code="c">MIU</subfield><subfield code="p">mdp.39015079130830</subfield><subfield code="s">MIU</subfield><subfield code="1">006822733</subfield></datafield><datafield tag="974" ind1=" " ind2=" "><subfield code="b">MIU</subfield><subfield code="c">MIU</subfield><subfield code="d">20190719</subfield><subfield code="s">lit-dlps-dc</subfield><subfield code="u">mdp.39015079130830</subfield><subfield code="y">1730</subfield><subfield code="r">pd</subfield><subfield code="q">bib</subfield><subfield code="t">non-US bib date2 &lt; 1879</subfield></datafield></record></collection>